%% This BibTeX bibliography file was created using BibDesk.
%% https://bibdesk.sourceforge.io/

%% Created for 黄奕 at 2019-08-29 18:50:03 -0500 


%% Saved with string encoding Unicode (UTF-8) 



@article{PhysRev.163.816,
	Author = {Stern, Frank and Howard, W. E.},
	Date-Added = {2019-08-29 18:49:59 -0500},
	Date-Modified = {2019-08-29 18:49:59 -0500},
	Doi = {10.1103/PhysRev.163.816},
	Issue = {3},
	Journal = {Phys. Rev.},
	Month = {Nov},
	Numpages = {0},
	Pages = {816--835},
	Publisher = {American Physical Society},
	Title = {Properties of Semiconductor Surface Inversion Layers in the Electric Quantum Limit},
	Url = {https://link.aps.org/doi/10.1103/PhysRev.163.816},
	Volume = {163},
	Year = {1967},
	Bdsk-Url-1 = {https://link.aps.org/doi/10.1103/PhysRev.163.816},
	Bdsk-Url-2 = {https://doi.org/10.1103/PhysRev.163.816}}
